<record xmlns="http://www.loc.gov/MARC21/slim" xmlns:xsi="http://www.w3.org/2001/XMLSchema-instance" xsi:schemaLocation="http://www.loc.gov/MARC21/slim http://www.loc.gov/standards/marcxml/schema/MARC21slim.xsd"><leader>00037nz   2200037n  4500</leader><controlfield tag="001">DNB|119264471</controlfield><controlfield tag="003">DNB</controlfield><controlfield tag="005">20061125021829.0</controlfield><controlfield tag="008">950711|||azznnaa|||||||||||| a|aaa|||| d</controlfield><datafield ind1="7" ind2=" " tag="016"><subfield code="a">119264471</subfield><subfield code="2">GyFmDB</subfield></datafield><datafield ind1=" " ind2=" " tag="035"><subfield code="a">(SWD)4381168-1</subfield></datafield><datafield ind1=" " ind2=" " tag="040"><subfield code="a">0021</subfield><subfield code="b">ger</subfield><subfield code="d">9999</subfield><subfield code="f">RAK-PND</subfield></datafield><datafield ind1=" " ind2=" " tag="043"><subfield code="a">XS---</subfield><subfield code="2">SWD-ISO3166</subfield></datafield><datafield ind1=" " ind2=" " tag="065"><subfield code="a">4.7p</subfield><subfield code="5">SWD</subfield></datafield><datafield ind1=" " ind2=" " tag="072"><subfield code="a">grc</subfield><subfield code="2">ISO639-2</subfield></datafield><datafield ind1="0" ind2=" " tag="100"><subfield code="a">Zeno,</subfield><subfield code="c">Tarsensis</subfield><subfield code="d">3./2. Jh. v. Chr.</subfield></datafield><datafield ind1="0" ind2=" " tag="400"><subfield code="a">Zenon,</subfield><subfield code="c">Sohn des Dioskorides</subfield><subfield code="d">3./2. Jh. v. Chr.</subfield></datafield><datafield ind1="0" ind2=" " tag="400"><subfield code="a">Zenon,</subfield><subfield code="c">Stoischer Philosoph</subfield><subfield code="d">3./2. Jh. v. Chr.</subfield></datafield><datafield ind1="0" ind2=" " tag="400"><subfield code="a">Zenon,</subfield><subfield code="c">Tarsensis</subfield><subfield code="d">3./2. Jh. v. Chr.</subfield></datafield><datafield ind1="0" ind2=" " tag="400"><subfield code="a">Zeno,</subfield><subfield code="c">Stoicus</subfield><subfield code="d">3./2. Jh. v. Chr.</subfield></datafield><datafield ind1="0" ind2=" " tag="400"><subfield code="a">Zeno,</subfield><subfield code="c">Philosophus</subfield><subfield code="d">3./2. Jh. v. Chr.</subfield></datafield><datafield ind1="0" ind2=" " tag="400"><subfield code="a">Zeno,</subfield><subfield code="c">of Tarsus</subfield><subfield code="d">3./2. Jh. v. Chr.</subfield></datafield><datafield ind1="0" ind2=" " tag="400"><subfield code="a">Zeno,</subfield><subfield code="c">Stoic</subfield><subfield code="d">3./2. Jh. v. Chr.</subfield></datafield><datafield ind1=" " ind2=" " tag="667"><subfield code="a">TITAN</subfield></datafield><datafield ind1=" " ind2=" " tag="670"><subfield code="a">PAN; Thes. ling. Graec.; Lex. alte Welt</subfield></datafield><datafield ind1=" " ind2=" " tag="678"><subfield code="a">Griech. Philosoph, Leiter der stoischen Philosophenschule</subfield></datafield><datafield ind1="0" ind2="7" tag="700"><subfield code="a">Zenon,</subfield><subfield code="c">von Tarsos</subfield><subfield code="d">3./2. Jh. v. Chr.</subfield><subfield code="2">Other Rules</subfield></datafield><datafield ind1=" " ind2=" " tag="922"><subfield code="a">gr</subfield><subfield code="9">1</subfield></datafield><datafield ind1=" " ind2=" " tag="945"><subfield code="a">03</subfield><subfield code="9">1</subfield></datafield></record>